<?xml version="1.0" encoding="UTF-8"?><collection xmlns="http://www.loc.gov/MARC21/slim"><record><leader>00611nam--2200217-u-4500</leader><controlfield tag="001">000050705</controlfield><controlfield tag="002">20161230</controlfield><controlfield tag="005">20161230201048</controlfield><controlfield tag="008">080319s1000------------r-----000-0-eng-d</controlfield><datafield ind1=" " ind2=" " tag="020"><subfield code="a">9783527303724</subfield></datafield><datafield ind1=" " ind2=" " tag="040"><subfield code="a">IFIN-HH</subfield></datafield><datafield ind1=" " ind2=" " tag="080"><subfield code="a">544.1:538.915</subfield></datafield><datafield ind1="1" ind2=" " tag="100"><subfield code="a">Koch, Wolfram</subfield></datafield><datafield ind1="1" ind2="0" tag="245"><subfield code="a">A Chemist's Guide to Density Functional Theory</subfield><subfield code="c">Wlofram Koch; Max C. Holthausen</subfield></datafield><datafield ind1=" " ind2=" " tag="250"><subfield code="a">Second Edition</subfield></datafield><datafield ind1=" " ind2=" " tag="260"><subfield code="a">Weinheim</subfield><subfield code="b">Wiley-VCH</subfield><subfield code="c">2001</subfield></datafield><datafield ind1=" " ind2=" " tag="300"><subfield code="a">293 p</subfield></datafield><datafield ind1=" " ind2=" " tag="502"><subfield code="a">Includes Bibliographical References and Index</subfield></datafield><datafield ind1="1" ind2=" " tag="700"><subfield code="a">Holthausen, Max C</subfield></datafield><datafield ind1=" " ind2=" " tag="852"><subfield code="c">541.10</subfield></datafield><datafield ind1=" " ind2=" " tag="CAT"><subfield code="a">Sys</subfield><subfield code="c">20110405</subfield><subfield code="h">155358</subfield></datafield></record></collection>